@inproceedings{nguyen2013efficient,
  title={Efficient Variational Inference for Gaussian Process Regression Networks},
  author={Nguyen, Trung and Bonilla, Edwin},
  booktitle={AISTATS},
  pages={472-480},
  year={2013}
}
@inproceedings{hensman2012fast,
  author = {Hensman, James and Rattray, Magnus and Lawrence, Neil D.},
  booktitle = {NIPS},
  pages = {2897-2905},
  title = {Fast Variational Inference in the Conjugate Exponential Family.},
  year = 2012
}

@inproceedings{vijayakumar2000locally,
  title={Locally weighted projection regression: An O (n) algorithm for incremental real time learning in high dimensional space},
  author={Vijayakumar, Sethu and Schaal, Stefan},
  booktitle={ICML},
  year={2000}
}

@inproceedings{osborne2008towards,
  title={Towards real-time information processing of sensor network data using computationally efficient multi-output Gaussian processes},
  author={Osborne, Michael A and Roberts, Stephen J and Rogers, Alex and Ramchurn, Sarvapali D and Jennings, Nicholas R},
  booktitle={Proceedings of the 7th international conference on Information processing in sensor networks},
  year={2008},
}

@inproceedings{alvarez2010efficient,
Author    = {Mauricio A. {\'A}lvarez and
               David Luengo and
               Michalis K. Titsias and
               Neil D. Lawrence},
  title     = {Efficient Multioutput Gaussian Processes through Variational  Inducing Kernels},
  booktitle = {AISTATS},
  year      = {2010},
}

@book{rasmussen-williams-book,
	Author = {Carl Edward Rasmussen and Christopher K. I. Williams},
	Publisher = {The MIT Press},
	Title = {Gaussian Processes for Machine Learning},
	Year = {2006}
}

@inproceedings{teh-et-al-aistats-05,
  title ={Semiparametric Latent Factor Models},
  author = {Yee Whye Teh and Matthias Seeger and Michael I. Jordan},
  booktitle = {AISTATS},
  year = {2005},
}

@article{tresp-00,
  author = {Volker Tresp},
  title = {A Bayesian Committee Machine},
  journal = {Neural Computation},
  year={2000},
  booktitle={Neural Computation}
}

@inproceedings{chou-02,
    author = {Arindam Choudhury and Prasanth B. Nair and Andy J. Keane},
    title = {A Data Parallel Approach for Large-Scale Gaussian Process Modeling},
    booktitle = {Second SIAM International Conference on Data Mining},
    year = {2002}
}

@inproceedings{chen09,
  author = {Tao Chen and Jianghong Ren},
  title = {Bagging for Gaussian Process Regression},
  booktitle = {Neurocomputing 72, no.7},
 year = {2009}
}

@inproceedings{urtasun08,
  title={Sparse probabilistic regression for activity-independent human pose inference},
  author={Urtasun, R. and Darrell, T.},
  booktitle={Computer Vision and Pattern Recognition, 2008. CVPR 2008. IEEE Conference on},
  pages={1--8},
  year={2008},
  organization={IEEE}
}

@article{park11,
  title={Domain decomposition approach for fast gaussian process regression of large spatial data sets},
  author={Park, C. and Huang, J.Z. and Ding, Y.},
  journal={Journal of Machine Learning Research},
  volume={12},
  pages={1697--1728},
  year={2011}
}

@InProceedings{wilson-et-al-icml-12,
  title =     {Gaussian process Regression Networks},
  author =    {Andrew G. Wilson and David A. Knowles and Zoubin Ghahramani},
  booktitle = {ICML},
  year =      {2012},
}

@article{quinonero2005unifying,
  title={A unifying view of sparse approximate Gaussian process regression},
  author={Qui{\~n}onero-Candela, Joaquin and Rasmussen, Carl Edward},
  journal={The Journal of Machine Learning Research},
  volume={6},
  pages={1939--1959},
  year={2005},
  publisher={JMLR. org}
}

@inproceedings{snelson2006sparse,
  title={Sparse Gaussian processes using pseudo-inputs},
  author={Snelson, Ed and Ghahramani, Zoubin},
  booktitle={NIPS},
  year={2006}
}

@inproceedings{lawrence2002fast,
  title={Fast sparse Gaussian process methods: The informative vector machine},
  author={Lawrence, Neil D and Seeger, Matthias and Herbrich, Ralf},
  booktitle={NIPS},
  pages={609--616},
  year={2002}
}

@inproceedings{smola2001sparse,
  title={Sparse greedy Gaussian process regression},
  author={Smola, Alex J and Bartlett, Peter},
  booktitle={Advances in Neural Information Processing Systems 13},
  year={2001},
}

@inproceedings{keerthi2006matching,
  title={A matching pursuit approach to sparse Gaussian process regression},
  author={Keerthi, Sathiya and Chu, Wei},
  booktitle={Advances in neural information processing systems},
  volume={18},
  pages={643},
  year={2006},
  publisher={MIT; 1998}
}

@inproceedings{seeger2003fast,
  title={Fast forward selection to speed up sparse Gaussian process regression},
  author={Seeger, Matthias and Williams, Christopher KI and Lawrence, Neil D},
  booktitle={AISTATS},
  volume={9},
  pages={2003},
  year={2003}
}

@article{tax1999support,
  title={Support vector domain description},
  author={Tax, David MJ and Duin, Robert PW},
  journal={Pattern Recognition Letters},
  volume={20},
  number={11},
  pages={1191--1199},
  year={1999},
  publisher={Elsevier}
}

@article{tsang2006generalized,
  title={Generalized core vector machines},
  author={Tsang, Ivor Wai-Hung and Kwok, James Tin-Yau and Zurada, JA},
  journal={Neural Networks, IEEE Transactions on},
  volume={17},
  number={5},
  pages={1126--1140},
  year={2006},
  publisher={IEEE}
}

@article{deng2008frsde,
  title={FRSDE: Fast reduced set density estimator using minimal enclosing ball approximation},
  author={Deng, Zhaohong and Chung, Fu-Lai and Wang, Shitong},
  journal={Pattern Recognition},
  volume={41},
  number={4},
  pages={1363--1372},
  year={2008},
  publisher={Elsevier}
}

@article{girolami2003probability,
  title={Probability density estimation from optimally condensed data samples},
  author={Girolami, Mark and He, Chao},
  journal={Pattern Analysis and Machine Intelligence, IEEE Transactions on},
  volume={25},
  number={10},
  pages={1253--1264},
  year={2003},
  publisher={IEEE}
}

@article{kumar2003approximate,
  title={Approximate minimum enclosing balls in high dimensions using core-sets},
  author={Kumar, Piyush and Mitchell, Joseph SB and Yildirim, E Alper},
  journal={Journal of Experimental Algorithmics (JEA)},
  volume={8},
  pages={1--1},
  year={2003},
  publisher={ACM}
}



@InProceedings{gershman-et-al-icml-12,
  title =     {Nonparametric Variational Inference},
  author =    {Samuel J. Gershman and Matthew D. Hoffman and David M. Blei},
  booktitle = {ICML},
  year =      {2012},
}


@article{opper-arch-nc-2009,
 author = {Opper, Manfred and Archambeau, C{\'e}dric},
 title = {The variational {G}aussian approximation revisited},
 journal = {Neural Computation},
 volume = {21},
 number = {3},
 year = {2009},
 pages = {786--792},
 publisher = {MIT Press}
} 

@inproceedings{ihuber-et-al-2008,
  author = {Marco F. Huber and Tim Bailey and Hugh Durrant-Whyte and Uwe D. Hanebeck},
  title = {On Entropy Approximation for {G}aussian Mixture Random Vectors},
  booktitle = {IEEE International Conference on Multisensor Fusion and Integration for Intelligent Systems},
  year = {2008}
}

@article{yeh-ccc-2007,
author = {I-Cheng Yeh},
title = {Modeling slump flow of concrete using second-order regressions and artificial neural networks},
journal = {Cement and Concrete Composites},
volume = {29},
number = {3},
year = {2007},
pages = {474-480}
}

@article{snoek2012practical,
  title={Practical Bayesian optimization of machine learning algorithms},
  author={Snoek, Jasper and Larochelle, Hugo and Adams, Ryan P},
  journal={arXiv preprint arXiv:1206.2944},
  year={2012}
}

@article{brochu2010tutorial,
  title={A tutorial on Bayesian optimization of expensive cost functions, with application to active user modeling and hierarchical reinforcement learning},
  author={Brochu, Eric and Cora, Vlad M and De Freitas, Nando},
  journal={arXiv preprint arXiv:1012.2599},
  year={2010}
}

@article{srinivas2009gaussian,
  title={Gaussian process optimization in the bandit setting: No regret and experimental design},
  author={Srinivas, Niranjan and Krause, Andreas and Kakade, Sham M and Seeger, Matthias},
  journal={arXiv preprint arXiv:0912.3995},
  year={2009}
}
@article{yuan2009variational,
  title={Variational mixture of Gaussian process experts},
  author={Yuan, Chao and Neubauer, Claus},
  journal={Advances in Neural Information Processing Systems},
  volume={21},
  pages={1897--1904},
  year={2009},
  publisher={Citeseer}
}

@article{tresp2001mixtures,
  title={Mixtures of Gaussian processes},
  author={Tresp, Volker},
  journal={Advances in neural information processing systems},
  pages={654--660},
  year={2001},
  publisher={MIT; 1998}
}

@article{seeger2003bayesian,
  title={Bayesian Gaussian process models: PAC-Bayesian generalisation error bounds and sparse approximations},
  author={Seeger, Matthias},
  year={2003},
  publisher={University of Edinburgh. College of Science and Engineering. School of Informatics.}
}
@inproceedings{williams2001using,
  title={Using the Nystr{\"o}m method to speed up kernel machines},
  author={Williams, Christopher and Seeger, Matthias},
  booktitle={Advances in Neural Information Processing Systems 13},
  year={2001},
  organization={Citeseer}
}

@article{lazaro2010sparse,
  title={Sparse spectrum gaussian process regression},
  author={L{\'a}zaro-Gredilla, Miguel and Qui{\~n}onero-Candela, Joaquin and Rasmussen, Carl Edward and Figueiras-Vidal, An{\'\i}bal R},
  journal={The Journal of Machine Learning Research},
  volume={99},
  pages={1865--1881},
  year={2010},
  publisher={MIT Press}
}

@article{silverman1985some,
  title={Some aspects of the spline smoothing approach to non-parametric regression curve fitting},
  author={Silverman, Bernhard W},
  journal={Journal of the Royal Statistical Society. Series B (Methodological)},
  pages={1--52},
  year={1985},
  publisher={JSTOR}
}

@article{chalupka2012framework,
  title={A Framework for Evaluating Approximation Methods for Gaussian Process Regression},
  author={Chalupka, Krzysztof and Williams, Christopher KI and Murray, Iain},
  journal={arXiv preprint arXiv:1205.6326},
  year={2012}
}

@article{rasmussen2010gaussian,
  title={Gaussian processes for machine learning (GPML) toolbox},
  author={Rasmussen, Carl Edward and Nickisch, Hannes},
  journal={The Journal of Machine Learning Research},
  volume={11},
  pages={3011--3015},
  year={2010},
  publisher={JMLR. org}
}

@inproceedings{bertin2011million,
  title={The million song dataset},
  author={Bertin-Mahieux, Thierry and Ellis, Daniel PW and Whitman, Brian and Lamere, Paul},
  booktitle={ISMIR 2011: Proceedings of the 12th International Society for Music Information Retrieval Conference, October 24-28, 2011, Miami, Florida},
  pages={591--596},
  year={2011},
  organization={University of Miami}
}

@inproceedings{bergstra2011algorithms,
  title={Algorithms for hyper-parameter optimization},
  author={Bergstra, James and Bardenet, R{\'e}mi and Bengio, Yoshua and K{\'e}gl, Bal{\'a}zs and others},
  booktitle={25th Annual Conference on Neural Information Processing Systems (NIPS 2011)},
  year={2011}
}

@article{jones2001taxonomy,
  title={A taxonomy of global optimization methods based on response surfaces},
  author={Jones, Donald R},
  journal={Journal of global optimization},
  volume={21},
  number={4},
  pages={345--383},
  year={2001},
  publisher={Springer}
}

@article{villemonteix2009informational,
  title={An informational approach to the global optimization of expensive-to-evaluate functions},
  author={Villemonteix, Julien and Vazquez, Emmanuel and Walter, Eric},
  journal={Journal of Global Optimization},
  volume={44},
  number={4},
  pages={509--534},
  year={2009},
  publisher={Springer}
}

@article{srinivas2009gaussian,
  title={Gaussian process optimization in the bandit setting: No regret and experimental design},
  author={Srinivas, Niranjan and Krause, Andreas and Kakade, Sham M and Seeger, Matthias},
  journal={arXiv preprint arXiv:0912.3995},
  year={2009}
}

@incollection{higdon2002space,
  title={Space and space-time modeling using process convolutions},
  author={Higdon, Dave},
  booktitle={Quantitative methods for current environmental issues},
  pages={37--56},
  year={2002},
  publisher={Springer}
}

@article{alvarez2011computationally,
  title={Computationally Efficient Convolved Multiple Output Gaussian Processes.},
  author={Alvarez, Mauricio A and Lawrence, Neil D},
  journal={Journal of Machine Learning Research},
  volume={12},
  number={5},
  pages={1459--1500},
  year={2011}
}

@article{gelfand2004nonstationary,
  title={Nonstationary multivariate process modeling through spatially varying coregionalization},
  author={Gelfand, Alan E and Schmidt, Alexandra M and Banerjee, Sudipto and Sirmans, CF},
  journal={Test},
  volume={13},
  number={2},
  pages={263--312},
  year={2004},
  publisher={Springer}
  }

@PhdThesis{boyle2007gaussian,
author = {Phillip Boyle},
title = {Gaussian Processes for Regression and Optimisation},
school = {Victoria University of Wellington},
year = {2007},
}

@inproceedings{hensmangaussian,
  title={Gaussian Processes for Big Data},
  author={Hensman, James  and Fusi, Nicolo and Lawrence, Neil D},
  booktitle={Uncertainty in Artificial Intelligence},
  year = {2013},
}


}
@incollection{bonilla-et-al-nips-08,
	Author = {Edwin V. Bonilla and Kian Ming A. Chai and Christopher K. I. Williams},
	Booktitle = {NIPS},
	Title = {Multi-task {G}aussian Process Prediction},
	Year = {2008}
}

@incollection{boyle-frean-nips-05,
 author = {Phillip {Boyle} and Marcus {Frean}},
 title = {Dependent Gaussian Processes},
 booktitle = {NIPS},
 year = {2005},
}
@incollection{alvarez-lawrence-nips-08,
 title = {Sparse Convolved Gaussian Processes for Multi-output Regression},
 author = {Mauricio Alvarez and Neil D Lawrence},
 booktitle = {NIPS},
 pages = {57--64},
 year = {2009}
}


@book{goovaerts-book,
	Author = {P. Goovaerts},
	Publisher = {Oxford Univ. Press},
	Title = {Geostatistics for Natural Resources Evaluation},
	Year = {1997}
}
@InProceedings{gershman-et-al-icml-12,
  title =     {Nonparametric Variational Inference},
  author =    {Samuel J. Gershman and Matthew D. Hoffman and David M. Blei},
  booktitle = {ICML},
  year =      {2012},
}
@article{jordan-variational-99,
 author = {Jordan, Michael I. and Ghahramani, Zoubin and Jaakkola, Tommi S. and Saul, Lawrence K.},
    title = {An introduction to variational methods for graphical models},
    booktitle = {Machine Learning},
    year = {1999},
    volume = {37},
    number = {2},
    pages = {183--233},
    publisher = {MIT Press}
}

@article{opper-arch-nc-2009,
 author = {Opper, Manfred and Archambeau, C{\'e}dric},
 title = {The variational {G}aussian approximation revisited},
 journal = {Neural Computation},
 volume = {21},
 number = {3},
 year = {2009},
 pages = {786--792},
 publisher = {MIT Press},
} 
@inproceedings{ihuber-et-al-2008,
  author = {Marco F. Huber and Tim Bailey and Hugh Durrant-Whyte and Uwe D. Hanebeck},
  title = {On Entropy Approximation for {G}aussian Mixture Random Vectors},
  booktitle = {IEEE International Conference on Multisensor Fusion and Integration for Intelligent Systems},
  year = {2008},
}

@article{yeh-ccc-2007,
author = {I-Cheng Yeh},
title = {Modeling slump flow of concrete using second-order regressions and artificial neural networks},
journal = {Cement and Concrete Composites},
volume = {29},
number = {3},
year = {2007},
pages = {474-480}
}

@inproceedings{titsias2009variational,
  title={Variational learning of inducing variables in sparse Gaussian processes},
  author={Titsias, Michalis},
 booktitle = {AISTATS},  
  year={2009}
}

@inproceedings{nguyen2014fast,
  title={Fast Allocation of Gaussian Process Experts},
  author={Nguyen, Trung and Bonilla, Edwin},
  booktitle={ICML},
  pages={145--153},
  year={2014}
}